<?xml version="1.0" encoding="UTF-8"?><collection xmlns="http://www.loc.gov/MARC21/slim"><record><leader>00359nam--2200145-i-4500</leader><controlfield tag="001">000012401</controlfield><controlfield tag="002">20161230</controlfield><controlfield tag="005">20161230201029</controlfield><controlfield tag="008">060222s1000------------r-----000-0-eng-d</controlfield><datafield ind1=" " ind2=" " tag="080"><subfield code="a">547(082.1):547.25</subfield></datafield><datafield ind1=" " ind2=" " tag="245"><subfield code="a">Carbohydrates</subfield></datafield><datafield ind1=" " ind2=" " tag="260"><subfield code="a">London, Butterworths, 1976 323 P</subfield></datafield><datafield ind1=" " ind2=" " tag="490"><subfield code="a">Organic Chemistry Series Two</subfield></datafield><datafield ind1=" " ind2=" " tag="700"><subfield code="a">Aspinall, G.O</subfield></datafield><datafield ind1=" " ind2=" " tag="852"><subfield code="a">45485</subfield></datafield></record></collection>